@book{phillips,
    title = "Physical Biology of the Cell",
    author = "Rob Phillips and Jane Kondev and Julie Theriot and Hernan G. Garc√≠a",
    publisher = "Garland Science",
    year = "2013",
    edition = "2nd Edition",
    chapter = "8",
    pages = "311-354",
    isbn = "978-0-8153-4450-6"
}

@article{pearson,
    author = "Karl Pearson",
    title = "The Problem of the Random Walk",
    doi = "https://doi.org/10.1038/072294b0",
    journal = "Nature",
    year = "1905",
    volume = "72",
    pages = "294"
}

@book{weiss,
   title =     "Aspects and applications of the random walk",
   author =    "George H. Weiss",
   publisher = "NH",
   isbn =      "978-0-4448-1606-1",
   year =      "1994",
   series =    "Random Materials and Processes"
}

@booklet{doyle,
    author = "Peter G. Doyle and J. Laurie Snell",
    title = "Random walks and electric networks",
    howpublished = "arXiv:math",
    year = "2000" 
}

@article{blsch,
    author = "Black Fischer and Myron Scholes",
    title = "The Pricing of Options and Corporate Liabilities",
    year = "1973",
    journal = "Journal of Political Economy",
    volume = "81",
    pages= "637-654",
    doi="https://doi.org/10.1086/260062"
}

@article{phiggs,
    author = "Paul G. Higgs",
    title = "RNA secondary structure: physical and computational aspects",
    year = "2000",
    journal = "Quarterly Reviews of Biophysics",
    volume = "33",
    pages = "199-253",
    doi = "https://doi.org/10.1017/S0033583500003620"
}

@article{nussinov,
    author = "Ruth Nussinov and Ann B. Jacobson",
    title = "Fast algorithm for predicting the secondary structure of single-stranded RNA",
    year = "1980",
    journal = "Proceedings of the National Academy of Sciencesof the United States of America",
    volume = "77",
    pages = "6309-6313",
    doi = "https://doi.org/10.1073%2Fpnas.77.11.6309"
}